@article{ref1,
  author  = {Wang, Q. and Li, R. and Wang, Q. and Chen, S.},
  title   = {Non-fungible token (NFT): Overview, evaluation, opportunities and challenges},
  journal = {IEEE Access},
  volume  = {9},
  year    = {2021}
}

@techreport{ref2,
  author      = {PwC},
  title       = {Global entertainment \& media outlook 2022-2026},
  institution = {Tech. Rep.},
  year        = {2022}
}

@inproceedings{ref3,
  author    = {Regner, F. and Urbach, N. and Schweizer, A.},
  title     = {NFTs in Practice â€“ Non-Fungible Tokens as Core Component of a Blockchain-based Event Ticketing Application},
  booktitle = {International Conference on Information Systems},
  year      = {2019}
}

@article{ref4,
  author  = {Caldarelli, G.},
  title   = {Understanding the blockchain oracle problem},
  journal = {Information},
  volume  = {11},
  number  = {11},
  pages   = {509},
  year    = {2020}
}

@article{ref5,
  author  = {Zou, J. and others},
  title   = {Web 3.0: A vision of the future internet},
  journal = {IEEE Internet of Things Journal},
  volume  = {9},
  number  = {22},
  pages   = {22418--22432},
  year    = {2022}
}

@inproceedings{ref6,
  author    = {Chittoda, K. and Ghosh, D.},
  title     = {Nft: The future of blockchain},
  booktitle = {Conference on Advances in Computing, Communication Control and Networking},
  pages     = {1970--1975},
  year      = {2022}
}

@article{ref7,
  author  = {Kugler, L.},
  title   = {Non-fungible tokens and the law},
  journal = {Communications of the ACM},
  pages   = {13--15},
  year    = {2021}
}

@mastersthesis{ref8,
  author = {Azis, A. A.},
  title  = {Interoperabilitas {NFT} berbasis blockchain menggunakan smart contract pada web3.0},
  school = {Institut Teknologi Sepuluh Nopember},
  year   = {2024},
  type   = {Thesis}
}

@article{ref9,
  author  = {Yakovenko, Anatoly},
  title   = {Solana: A new architecture for a high performance blockchain},
  journal = {Whitepaper},
  year    = {2018},
  note    = {Solana Foundation}
}

@misc{ref10,
  author = {{Metaplex Foundation}},
  title  = {Token Metadata Standard: A Guide to Standardized Metadata for {Solana SPL} Tokens},
  year   = {2021},
  url    = {https://docs.metaplex.com/token-metadata},
  note   = {Accessed: 2024-12-04}
}

@techreport{ref11,
  author      = {{Metaplex Foundation}},
  title       = {Token Metadata Standard Specification},
  institution = {Metaplex Foundation},
  year        = {2023},
  type        = {Technical Documentation}
}

@article{ref12,
  author  = {Benet, Juan},
  title   = {{IPFS}: Content Addressed, Versioned, {P2P} File System},
  journal = {arXiv preprint arXiv:1407.3561},
  year    = {2014}
}

@book{ref13,
  author    = {Klabnik, Steve and Nichols, Carol},
  title     = {The {Rust} Programming Language},
  publisher = {No Starch Press},
  year      = {2022},
  address   = {San Francisco, CA}
}